@Manual{Revelle2023psych,
  title        = {psych: Procedures for Psychological, Psychometric, and Personality Research},
  author       = {William Revelle},
  year         = {2023},
  note         = {R package version 2.3.12},
  url          = {https://CRAN.R-project.org/package=psych}
}

@Article{Bates2015lme4,
  title        = {Fitting Linear Mixed-Effects Models Using lme4},
  author       = {Douglas Bates and Martin Mächler and Ben Bolker and Steven Walker},
  journal      = {Journal of Statistical Software},
  year         = {2015},
  volume       = {67},
  number       = {1},
  pages        = {1--48},
  doi          = {10.18637/jss.v067.i01}
}

@Article{Kuznetsova2017lmerTest,
  title        = {lmerTest Package: Tests in Linear Mixed Effects Models},
  author       = {Alexandra Kuznetsova and Per B. Brockhoff and Rune H. B. Christensen},
  journal      = {Journal of Statistical Software},
  year         = {2017},
  volume       = {82},
  number       = {13},
  pages        = {1--26},
  doi          = {10.18637/jss.v082.i13}
}

@Book{Wickham2016ggplot2,
  title        = {ggplot2: Elegant Graphics for Data Analysis},
  author       = {Hadley Wickham},
  publisher    = {Springer-Verlag New York},
  year         = {2016},
  url          = {https://ggplot2.tidyverse.org}
}

@Manual{Ludecke2023sjPlot,
  title        = {sjPlot: Data Visualization for Statistics in Social Science},
  author       = {Daniel Lüdecke},
  year         = {2023},
  note         = {R package version 2.8.15},
  url          = {https://CRAN.R-project.org/package=sjPlot}
}

@Manual{Kassambara2020ggpubr,
  title        = {ggpubr: 'ggplot2' Based Publication Ready Plots},
  author       = {Alboukadel Kassambara},
  year         = {2020},
  note         = {R package version 0.4.0},
  url          = {https://CRAN.R-project.org/package=ggpubr}
}

@Article{Rosseel2012lavaan,
  title        = {lavaan: An R Package for Structural Equation Modeling},
  author       = {Yves Rosseel},
  journal      = {Journal of Statistical Software},
  year         = {2012},
  volume       = {48},
  number       = {2},
  pages        = {1--36},
  doi          = {10.18637/jss.v048.i02}
}

@Article{BenShachar2020effectsize,
  title        = {effectsize: Estimation of Effect Size Indices and Standardized Parameters},
  author       = {Mattan S. Ben-Shachar and Dominique Makowski and Daniel Lüdecke},
  journal      = {Journal of Open Source Software},
  year         = {2020},
  volume       = {5},
  number       = {56},
  pages        = {2815},
  doi          = {10.21105/joss.02815}
}

@Book{Fox2012car,
  title        = {An R Companion to Applied Regression},
  author       = {John Fox and Sanford Weisberg},
  publisher    = {Sage},
  year         = {2019},
  url          = {https://socialsciences.mcmaster.ca/jfox/Books/Companion/}
}

@Manual{Harrell2020Hmisc,
  title        = {Hmisc: Harrell Miscellaneous},
  author       = {Frank E. Harrell Jr.},
  year         = {2020},
  note         = {R package version 4.4-0},
  url          = {https://CRAN.R-project.org/package=Hmisc}
}

@Manual{Wickham2019stringr,
  title        = {stringr: Simple, Consistent Wrappers for Common String Operations},
  author       = {Hadley Wickham},
  year         = {2019},
  note         = {R package version 1.4.0},
  url          = {https://CRAN.R-project.org/package=stringr}
}

@Article{Wickham2011plyr,
  title        = {The Split-Apply-Combine Strategy for Data Analysis},
  author       = {Hadley Wickham},
  journal      = {Journal of Statistical Software},
  year         = {2011},
  volume       = {40},
  number       = {1},
  pages        = {1--29},
  doi          = {10.18637/jss.v040.i01}
}

@Article{Hayes2015moderated,
  title        = {An Index and Test of Linear Moderated Mediation},
  author       = {Andrew F. Hayes},
  journal      = {Multivariate Behavioral Research},
  year         = {2015},
  volume       = {50},
  number       = {1},
  pages        = {1--22},
  doi          = {10.1080/00273171.2014.962683}
}

@Article{Rettkowski2025discount,
  title        = {How Greedy People Respond to Missing Discounts: Insatiability and Inaction Inertia},
  author       = {Vera Rettkowski and Maximilian Ingendahl and Marcel Zeelenberg},
  journal      = {Collabra: Psychology},
  year         = {2025},
  volume       = {11},
  number       = {1},
  doi          = {10.1525/collabra.133273}
}
@Manual{R-base,
  title = {R: A Language and Environment for Statistical Computing},
  author = {{R Core Team}},
  organization = {R Foundation for Statistical Computing},
  address = {Vienna, Austria},
  year = {2025},
  url = {https://www.R-project.org/},
}
@Manual{R-papaja,
  title = {{papaja}: {Prepare} reproducible {APA} journal articles with {R Markdown}},
  author = {Frederik Aust and Marius Barth},
  year = {2024},
  note = {R package version 0.1.3},
  url = {https://github.com/crsh/papaja},
  doi = {10.32614/CRAN.package.papaja},
}
@Manual{R-tinylabels,
  title = {{tinylabels}: Lightweight variable labels},
  author = {Marius Barth},
  year = {2025},
  note = {R package version 0.2.5},
  url = {https://cran.r-project.org/package=tinylabels},
  doi = {10.32614/CRAN.package.tinylabels},
}
